<?xml version="1.0" encoding="UTF-8"?><collection xmlns="http://www.loc.gov/MARC21/slim"><record><leader>00352nam--2200133-i-4500</leader><controlfield tag="001">000037044</controlfield><controlfield tag="002">20161230</controlfield><controlfield tag="005">20161230201041</controlfield><controlfield tag="008">060222s1000------------r-----000-0-eng-d</controlfield><datafield ind1=" " ind2=" " tag="080"><subfield code="a">621.372.061</subfield></datafield><datafield ind1=" " ind2=" " tag="245"><subfield code="a">Probleme de analiza si sinteza circuitelor</subfield></datafield><datafield ind1=" " ind2=" " tag="260"><subfield code="a">Bucuresti, Ed.Tehnica, 1976, 532p</subfield></datafield><datafield ind1=" " ind2=" " tag="700"><subfield code="a">Mateescu, Al.Si Stanomir, D</subfield></datafield><datafield ind1=" " ind2=" " tag="852"><subfield code="a">43864</subfield></datafield></record></collection>